@online{smartwatchMolen,
  author={Cambridge Dictionary},
  title={Smartwatch},
  url={https://dictionary.cambridge.org/dictionary/english/smartwatch},
  urldate={2021-03-11},
  year={2021},
}

@online{galaxyWatch3,
  author={Samsung},
  title={Galaxy Watch 3 Specifications},
  url={https://www.samsung.com/global/galaxy/galaxy-watch3/specs/},
  urldate={2021-03-11},
  year={2020},
}

@online{tizen,
  author={Tizen},
  title={Tizen Project},
  url={https://docs.tizen.org},
  urldate={2021-03-11},
  year={2021},
}

